@article{toledo2020multilingual,
  title={Multilingual argument mining: Datasets and analysis},
  author={Toledo-Ronen, Orith and Orbach, Matan and Bilu, Yonatan and Spector, Artem and Slonim, Noam},
  journal={arXiv preprint arXiv:2010.06432},
  year={2020}
}

@inproceedings{wu2019enriching,
  title={Enriching pre-trained language model with entity information for relation classification},
  author={Wu, Shanchan and He, Yifan},
  booktitle={Proceedings of the 28th ACM International Conference on Information and Knowledge Management},
  pages={2361--2364},
  year={2019}
}


@article{lample2016neural,
  title={Neural architectures for named entity recognition},
  author={Lample, Guillaume and Ballesteros, Miguel and Subramanian, Sandeep and Kawakami, Kazuya and Dyer, Chris},
  journal={arXiv preprint arXiv:1603.01360},
  year={2016}
}


@article{sutskever2014sequence,
  title={Sequence to sequence learning with neural networks},
  author={Sutskever, Ilya and Vinyals, Oriol and Le, Quoc V},
  journal={arXiv preprint arXiv:1409.3215},
  year={2014}
}

@article{sun2020self,
  title={Self-Explaining Structures Improve NLP Models},
  author={Sun, Zijun and Fan, Chun and Han, Qinghong and Sun, Xiaofei and Meng, Yuxian and Wu, Fei and Li, Jiwei},
  journal={arXiv preprint arXiv:2012.01786},
  year={2020}
}


@inproceedings{ronzano2015dr,
  title={Dr. inventor framework: Extracting structured information from scientific publications},
  author={Ronzano, Francesco and Saggion, Horacio},
  booktitle={International conference on discovery science},
  pages={209--220},
  year={2015},
  organization={Springer}
}

@article{daxenberger2020argumentext,
  title={ArgumenText: Argument classification and clustering in a generalized search scenario},
  author={Daxenberger, Johannes and Schiller, Benjamin and Stahlhut, Chris and Kaiser, Erik and Gurevych, Iryna},
  journal={Datenbank-Spektrum},
  volume={20},
  number={2},
  pages={115--121},
  year={2020},
  publisher={Springer}
}

@article{hochreiter1997lstm,
  title={LSTM can solve hard long time lag problems},
  author={Hochreiter, Sepp and Schmidhuber, J{\"u}rgen},
  journal={Advances in neural information processing systems},
  pages={473--479},
  year={1997},
  publisher={MORGAN KAUFMANN PUBLISHERS}
}


@inproceedings{chernodub2019targer,
  title={Targer: Neural argument mining at your fingertips},
  author={Chernodub, Artem and Oliynyk, Oleksiy and Heidenreich, Philipp and Bondarenko, Alexander and Hagen, Matthias and Biemann, Chris and Panchenko, Alexander},
  booktitle={Proceedings of the 57th Annual Meeting of the Association for Computational Linguistics: System Demonstrations},
  pages={195--200},
  year={2019}
}


@article{lippi2016margot,
  title={MARGOT: A web server for argumentation mining},
  author={Lippi, Marco and Torroni, Paolo},
  journal={Expert Systems with Applications},
  volume={65},
  pages={292--303},
  year={2016},
  publisher={Elsevier}
}


@inproceedings{snli:emnlp2015,
	Author = {Bowman, Samuel R. and Angeli, Gabor and Potts, Christopher, and Manning, Christopher D.},
	Booktitle = {Proceedings of the 2015 Conference on Empirical Methods in Natural Language Processing (EMNLP)},
	Publisher = {Association for Computational Linguistics},
	Title = {A large annotated corpus for learning natural language inference},
	Year = {2015}
}

@inproceedings{barron2020overview,
  title={Overview of CheckThat! 2020: Automatic identification and verification of claims in social media},
  author={Barr{\'o}n-Cedeno, Alberto and Elsayed, Tamer and Nakov, Preslav and Da San Martino, Giovanni and Hasanain, Maram and Suwaileh, Reem and Haouari, Fatima and Babulkov, Nikolay and Hamdan, Bayan and Nikolov, Alex and others},
  booktitle={International Conference of the Cross-Language Evaluation Forum for European Languages},
  pages={215--236},
  year={2020},
  organization={Springer}
}
@article{thorne2018fever,
  title={Fever: a large-scale dataset for fact extraction and verification},
  author={Thorne, James and Vlachos, Andreas and Christodoulopoulos, Christos and Mittal, Arpit},
  journal={arXiv preprint arXiv:1803.05355},
  year={2018}
}

@inproceedings{abbott2016internet,
  title={Internet argument corpus 2.0: An sql schema for dialogic social media and the corpora to go with it},
  author={Abbott, Rob and Ecker, Brian and Anand, Pranav and Walker, Marilyn},
  booktitle={Proceedings of the Tenth International Conference on Language Resources and Evaluation (LREC'16)},
  pages={4445--4452},
  year={2016}
}



@inproceedings{gretz2020large,
  title={A large-scale dataset for argument quality ranking: Construction and analysis},
  author={Gretz, Shai and Friedman, Roni and Cohen-Karlik, Edo and Toledo, Assaf and Lahav, Dan and Aharonov, Ranit and Slonim, Noam},
  booktitle={Proceedings of the AAAI Conference on Artificial Intelligence},
  volume={34},
  number={05},
  pages={7805--7813},
  year={2020}
}

@article{toledo2019automatic,
  title={Automatic Argument Quality Assessment--New Datasets and Methods},
  author={Toledo, Assaf and Gretz, Shai and Cohen-Karlik, Edo and Friedman, Roni and Venezian, Elad and Lahav, Dan and Jacovi, Michal and Aharonov, Ranit and Slonim, Noam},
  journal={arXiv preprint arXiv:1909.01007},
  year={2019}
}

@article{gleize2019you,
  title={Are you convinced? Choosing the more convincing evidence with a Siamese network},
  author={Gleize, Martin and Shnarch, Eyal and Choshen, Leshem and Dankin, Lena and Moshkowich, Guy and Aharonov, Ranit and Slonim, Noam},
  journal={arXiv preprint arXiv:1907.08971},
  year={2019}
}




@article{lippi2016argumentation,
  title={Argumentation mining: State of the art and emerging trends},
  author={Lippi, Marco and Torroni, Paolo},
  journal={ACM Transactions on Internet Technology (TOIT)},
  volume={16},
  number={2},
  pages={1--25},
  year={2016},
  publisher={ACM New York, NY, USA}
}

@article{stab2018cross,
  title={Cross-topic argument mining from heterogeneous sources using attention-based neural networks},
  author={Stab, Christian and Miller, Tristan and Gurevych, Iryna},
  journal={arXiv preprint arXiv:1802.05758},
  year={2018}
}


@inproceedings{shnarch2018will,
  title={Will it blend? blending weak and strong labeled data in a neural network for argumentation mining},
  author={Shnarch, Eyal and Alzate, Carlos and Dankin, Lena and Gleize, Martin and Hou, Yufang and Choshen, Leshem and Aharonov, Ranit and Slonim, Noam},
  booktitle={Proceedings of the 56th Annual Meeting of the Association for Computational Linguistics (Volume 2: Short Papers)},
  pages={599--605},
  year={2018}
}


@article{mikolov2013efficient,
  title={Efficient estimation of word representations in vector space},
  author={Mikolov, Tomas and Chen, Kai and Corrado, Greg and Dean, Jeffrey},
  journal={arXiv preprint arXiv:1301.3781},
  year={2013}
}

@article{devlin2018bert,
  title={Bert: Pre-training of deep bidirectional transformers for language understanding},
  author={Devlin, Jacob and Chang, Ming-Wei and Lee, Kenton and Toutanova, Kristina},
  journal={arXiv preprint arXiv:1810.04805},
  year={2018}
}

@article{radford2019language,
  title={Language models are unsupervised multitask learners},
  author={Radford, Alec and Wu, Jeffrey and Child, Rewon and Luan, David and Amodei, Dario and Sutskever, Ilya},
  journal={OpenAI blog},
  volume={1},
  number={8},
  pages={9},
  year={2019}
}

@article{petroni2019language,
  title={Language models as knowledge bases?},
  author={Petroni, Fabio and Rockt{\"a}schel, Tim and Lewis, Patrick and Bakhtin, Anton and Wu, Yuxiang and Miller, Alexander H and Riedel, Sebastian},
  journal={arXiv preprint arXiv:1909.01066},
  year={2019}
}

@article{sorokin2018modeling,
  title={Modeling semantics with gated graph neural networks for knowledge base question answering},
  author={Sorokin, Daniil and Gurevych, Iryna},
  journal={arXiv preprint arXiv:1808.04126},
  year={2018}
}

@article{chen2019multi,
  title={Multi-hop question answering via reasoning chains},
  author={Chen, Jifan and Lin, Shih-ting and Durrett, Greg},
  journal={arXiv preprint arXiv:1910.02610},
  year={2019}
}

@inproceedings{fishcheva2019cross,
  title={Cross-Lingual Argumentation Mining for Russian Texts},
  author={Fishcheva, Irina and Kotelnikov, Evgeny},
  booktitle={International Conference on Analysis of Images, Social Networks and Texts},
  pages={134--144},
  year={2019},
  organization={Springer}
}

@article{ponti2020xcopa,
  title={XCOPA: A Multilingual Dataset for Causal Commonsense Reasoning},
  author={Ponti, Edoardo Maria and Glava{\v{s}}, Goran and Majewska, Olga and Liu, Qianchu and Vuli{\'c}, Ivan and Korhonen, Anna},
  journal={arXiv preprint arXiv:2005.00333},
  year={2020}
}

@article{eriguchi2018zero,
  title={Zero-shot cross-lingual classification using multilingual neural machine translation},
  author={Eriguchi, Akiko and Johnson, Melvin and Firat, Orhan and Kazawa, Hideto and Macherey, Wolfgang},
  journal={arXiv preprint arXiv:1809.04686},
  year={2018}
}

@inproceedings{aharoni2014benchmark,
  title={A benchmark dataset for automatic detection of claims and evidence in the context of controversial topics},
  author={Aharoni, Ehud and Polnarov, Anatoly and Lavee, Tamar and Hershcovich, Daniel and Levy, Ran and Rinott, Ruty and Gutfreund, Dan and Slonim, Noam},
  booktitle={Proceedings of the first workshop on argumentation mining},
  pages={64--68},
  year={2014}
}

@inproceedings{rinott2015show,
  title={Show me your evidence-an automatic method for context dependent evidence detection},
  author={Rinott, Ruty and Dankin, Lena and Alzate, Carlos and Khapra, Mitesh M and Aharoni, Ehud and Slonim, Noam},
  booktitle={Proceedings of the 2015 conference on empirical methods in natural language processing},
  pages={440--450},
  year={2015}
}

@inproceedings{levy2018towards,
  title={Towards an argumentative content search engine using weak supervision},
  author={Levy, Ran and Bogin, Ben and Gretz, Shai and Aharonov, Ranit and Slonim, Noam},
  booktitle={Proceedings of the 27th International Conference on Computational Linguistics},
  pages={2066--2081},
  year={2018}
}

@inproceedings{ein2020corpus,
  title={Corpus Wide Argument Mining-A Working Solution.},
  author={Ein-Dor, Liat and Shnarch, Eyal and Dankin, Lena and Halfon, Alon and Sznajder, Benjamin and Gera, Ariel and Alzate, Carlos and Gleize, Martin and Choshen, Leshem and Hou, Yufang and others},
  booktitle={AAAI},
  pages={7683--7691},
  year={2020}
}

@inproceedings{lippi2015context,
  title={Context-independent claim detection for argument mining},
  author={Lippi, Marco and Torroni, Paolo},
  booktitle={Twenty-Fourth International Joint Conference on Artificial Intelligence},
  year={2015}
}

@inproceedings{bar2017stance,
  title={Stance classification of context-dependent claims},
  author={Bar-Haim, Roy and Bhattacharya, Indrajit and Dinuzzo, Francesco and Saha, Amrita and Slonim, Noam},
  booktitle={Proceedings of the 15th Conference of the European Chapter of the Association for Computational Linguistics: Volume 1, Long Papers},
  pages={251--261},
  year={2017}
}

@inproceedings{palau2009argumentation,
  title={Argumentation mining: the detection, classification and structure of arguments in text},
  author={Palau, Raquel Mochales and Moens, Marie-Francine},
  booktitle={Proceedings of the 12th international conference on artificial intelligence and law},
  pages={98--107},
  year={2009}
}

@article{nooralahzadeh2020zero,
  title={Zero-shot cross-lingual transfer with meta learning},
  author={Nooralahzadeh, Farhad and Bekoulis, Giannis and Bjerva, Johannes and Augenstein, Isabelle},
  journal={arXiv preprint arXiv:2003.02739},
  year={2020}
}

@inproceedings{schuster-etal-2019-cross-lingual,
    title = "Cross-lingual Transfer Learning for Multilingual Task Oriented Dialog",
    author = "Schuster, Sebastian  and
      Gupta, Sonal  and
      Shah, Rushin  and
      Lewis, Mike",
    booktitle = "Proceedings of the 2019 Conference of the North {A}merican Chapter of the Association for Computational Linguistics: Human Language Technologies, Volume 1 (Long and Short Papers)",
    month = jun,
    year = "2019",
    address = "Minneapolis, Minnesota",
    publisher = "Association for Computational Linguistics",
    url = "https://www.aclweb.org/anthology/N19-1380",
    doi = "10.18653/v1/N19-1380",
    pages = "3795--3805",
    
}

@article{conneau2018xnli,
  title={XNLI: Evaluating cross-lingual sentence representations},
  author={Conneau, Alexis and Lample, Guillaume and Rinott, Ruty and Williams, Adina and Bowman, Samuel R and Schwenk, Holger and Stoyanov, Veselin},
  journal={arXiv preprint arXiv:1809.05053},
  year={2018}
}

@incollection{pytorch,
title = {PyTorch: An Imperative Style, High-Performance Deep Learning Library},
author = {Paszke, Adam and Gross, Sam and Massa, Francisco and Lerer, Adam and Bradbury, James and Chanan, Gregory and Killeen, Trevor and Lin, Zeming and Gimelshein, Natalia and Antiga, Luca and Desmaison, Alban and Kopf, Andreas and Yang, Edward and DeVito, Zachary and Raison, Martin and Tejani, Alykhan and Chilamkurthy, Sasank and Steiner, Benoit and Fang, Lu and Bai, Junjie and Chintala, Soumith},
booktitle = {Advances in Neural Information Processing Systems 32},
editor = {H. Wallach and H. Larochelle and A. Beygelzimer and F. d\textquotesingle Alch\'{e}-Buc and E. Fox and R. Garnett},
pages = {8024--8035},
year = {2019},
publisher = {Curran Associates, Inc.},
url = {http://papers.neurips.cc/paper/9015-pytorch-an-imperative-style-high-performance-deep-learning-library.pdf}
}

@inproceedings{allennlp,
  title={AllenNLP: A Deep Semantic Natural Language Processing Platform},
  author={Matt Gardner and Joel Grus and Mark Neumann and Oyvind Tafjord
    and Pradeep Dasigi and Nelson F. Liu and Matthew Peters and
    Michael Schmitz and Luke S. Zettlemoyer},
  year={2017},
  Eprint = {arXiv:1803.07640},
}

@inproceedings{transformers,
    title = "Transformers: State-of-the-Art Natural Language Processing",
    author = "Thomas Wolf and Lysandre Debut and Victor Sanh and Julien Chaumond and Clement Delangue and Anthony Moi and Pierric Cistac and Tim Rault and Rémi Louf and Morgan Funtowicz and Joe Davison and Sam Shleifer and Patrick von Platen and Clara Ma and Yacine Jernite and Julien Plu and Canwen Xu and Teven Le Scao and Sylvain Gugger and Mariama Drame and Quentin Lhoest and Alexander M. Rush",
    booktitle = "Proceedings of the 2020 Conference on Empirical Methods in Natural Language Processing: System Demonstrations",
    month = oct,
    year = "2020",
    address = "Online",
    publisher = "Association for Computational Linguistics",
    url = "https://www.aclweb.org/anthology/2020.emnlp-demos.6",
    pages = "38--45"
}

@article{toledo2019automatic,
  title={Automatic Argument Quality Assessment--New Datasets and Methods},
  author={Toledo, Assaf and Gretz, Shai and Cohen-Karlik, Edo and Friedman, Roni and Venezian, Elad and Lahav, Dan and Jacovi, Michal and Aharonov, Ranit and Slonim, Noam},
  journal={arXiv preprint arXiv:1909.01007},
  year={2019}
}

@inproceedings{gretz2020large,
  title={A large-scale dataset for argument quality ranking: Construction and analysis},
  author={Gretz, Shai and Friedman, Roni and Cohen-Karlik, Edo and Toledo, Assaf and Lahav, Dan and Aharonov, Ranit and Slonim, Noam},
  booktitle={Proceedings of the AAAI Conference on Artificial Intelligence},
  volume={34},
  number={05},
  pages={7805--7813},
  year={2020}
}

@inproceedings{webis16,
  author       = {Al-Khatib, Khalid and
                  Wachsmuth, Henning and
                  Hagen, Matthias and
                  Stein, Benno and
                  Köhler, Jonas},
  title        = {Webis-Debate-16},
  month        = jan,
  year         = 2016,
  publisher    = {Zenodo},
  doi          = {10.5281/zenodo.3251804},
  url          = {https://doi.org/10.5281/zenodo.3251804}
}

@inproceedings{dimov-etal-2020-nopropaganda,
    title = "{N}o{P}ropaganda at {S}em{E}val-2020 Task 11: A Borrowed Approach to Sequence Tagging and Text Classification",
    author = "Dimov, Ilya  and
      Korzun, Vladislav  and
      Smurov, Ivan",
    booktitle = "Proceedings of the Fourteenth Workshop on Semantic Evaluation",
    month = dec,
    year = "2020",
    address = "Barcelona (online)",
    publisher = "International Committee for Computational Linguistics",
    url = "https://www.aclweb.org/anthology/2020.semeval-1.194",
    pages = "1488--1494",
    abstract = "This paper describes our contribution to SemEval-2020 Task 11: Detection Of Propaganda Techniques In News Articles. We start with simple LSTM baselines and move to an autoregressive transformer decoder to predict long continuous propaganda spans for the first subtask. We also adopt an approach from relation extraction by enveloping spans mentioned above with special tokens for the second subtask of propaganda technique classification. Our models report an F-score of 44.6{\%} and a micro-averaged F-score of 58.2{\%} for those tasks accordingly.",
}

@inproceedings{da2020semeval,
  title={SemEval-2020 task 11: Detection of propaganda techniques in news articles},
  author={Da San Martino, Giovanni and Barr{\'o}n-Cedeno, Alberto and Wachsmuth, Henning and Petrov, Rostislav and Nakov, Preslav},
  booktitle={Proceedings of the Fourteenth Workshop on Semantic Evaluation},
  pages={1377--1414},
  year={2020}
}

@article{malmi2019encode,
  title={Encode, tag, realize: High-precision text editing},
  author={Malmi, Eric and Krause, Sebastian and Rothe, Sascha and Mirylenka, Daniil and Severyn, Aliaksei},
  journal={arXiv preprint arXiv:1909.01187},
  year={2019}
}

@inproceedings{wu2019enriching,
  title={Enriching pre-trained language model with entity information for relation classification},
  author={Wu, Shanchan and He, Yifan},
  booktitle={Proceedings of the 28th ACM International Conference on Information and Knowledge Management},
  pages={2361--2364},
  year={2019}
}

@article{bahdanau2014neural,
  title={Neural machine translation by jointly learning to align and translate},
  author={Bahdanau, Dzmitry and Cho, Kyunghyun and Bengio, Yoshua},
  journal={arXiv preprint arXiv:1409.0473},
  year={2014}
}

@inproceedings{Peters:2018,
  author={Peters, Matthew E. and  Neumann, Mark and Iyyer, Mohit and Gardner, Matt and Clark, Christopher and Lee, Kenton and Zettlemoyer, Luke},
  title={Deep contextualized word representations},
  booktitle={Proc. of NAACL},
  year={2018}
}

@article{vaswani2017attention,
  title={Attention is all you need},
  author={Vaswani, Ashish and Shazeer, Noam and Parmar, Niki and Uszkoreit, Jakob and Jones, Llion and Gomez, Aidan N and Kaiser, {\L}ukasz and Polosukhin, Illia},
  journal={Advances in neural information processing systems},
  volume={30},
  pages={5998--6008},
  year={2017}
}

@inproceedings{bar2017stance,
  title={Stance classification of context-dependent claims},
  author={Bar-Haim, Roy and Bhattacharya, Indrajit and Dinuzzo, Francesco and Saha, Amrita and Slonim, Noam},
  booktitle={Proceedings of the 15th Conference of the European Chapter of the Association for Computational Linguistics: Volume 1, Long Papers},
  pages={251--261},
  year={2017}
}

@article{schiller2020aspect,
  title={Aspect-controlled neural argument generation},
  author={Schiller, Benjamin and Daxenberger, Johannes and Gurevych, Iryna},
  journal={arXiv preprint arXiv:2005.00084},
  year={2020}
}
